@InProceedings{Teney_2017_CVPR,
        author = {Teney, Damien and Liu, Lingqiao and van den Hengel, Anton},
        title = {Graph-Structured Representations for Visual Question Answering},
        booktitle = {The IEEE Conference on Computer Vision and Pattern Recognition (CVPR)},
        month = {July},
        year = {2017}
    }
